<collection xmlns="http://www.loc.gov/MARC21/slim"><record><leader>00944nam  2200265   450</leader><controlfield tag="001">483</controlfield><controlfield tag="003">http://montalegre.opacnet.com/OPAC/default.aspx?ContentAreaControl=ShowRegHoldings.ascx&amp;RegNo=16662</controlfield><controlfield tag="005">20</controlfield><datafield tag="010" ind1=" " ind2=" "><subfield code="a">972-38-1075-1</subfield></datafield><datafield tag="100" ind1=" " ind2=" "><subfield code="a">20000126d1998    m  y0pory0103    ba</subfield></datafield><datafield tag="101" ind1="1" ind2=" "><subfield code="a">por</subfield><subfield code="c">eng</subfield></datafield><datafield tag="102" ind1=" " ind2=" "><subfield code="a">PT</subfield></datafield><datafield tag="105" ind1=" " ind2=" "><subfield code="a">a   z   000yy</subfield></datafield><datafield tag="106" ind1=" " ind2=" "><subfield code="a">r</subfield></datafield><datafield tag="200" ind1="1" ind2=" "><subfield code="a">&lt;O &gt;velho e o mar</subfield><subfield code="f">Ernest Hemingway</subfield><subfield code="g">trad. e pref. Jorge de Sena</subfield><subfield code="g">il. Bernardo Marques</subfield></datafield><datafield tag="210" ind1=" " ind2=" "><subfield code="a">Lisboa</subfield><subfield code="c">Livros do Brasil</subfield><subfield code="d">1998</subfield></datafield><datafield tag="215" ind1=" " ind2=" "><subfield code="a">133, [2] p.</subfield><subfield code="c">il.</subfield><subfield code="d">21 cm</subfield></datafield><datafield tag="304" ind1=" " ind2=" "><subfield code="a">Tít. orig.: The old man and the sea</subfield></datafield><datafield tag="675" ind1=" " ind2=" "><subfield code="a">821.111(73)-31"19"</subfield><subfield code="v">BN</subfield><subfield code="z">por</subfield><subfield code="3">290736</subfield></datafield><datafield tag="700" ind1=" " ind2="1"><subfield code="a">Hemingway</subfield><subfield code="b">Ernest</subfield><subfield code="f">1899-1961</subfield><subfield code="3">56672</subfield></datafield><datafield tag="702" ind1=" " ind2="1"><subfield code="a">Sena</subfield><subfield code="b">Jorge de</subfield><subfield code="f">1919-1978</subfield><subfield code="4">730</subfield><subfield code="3">20905</subfield></datafield><datafield tag="702" ind1=" " ind2="1"><subfield code="a">Marques</subfield><subfield code="b">Bernardo</subfield><subfield code="f">1900-1962</subfield><subfield code="4">440</subfield><subfield code="3">9701</subfield></datafield><datafield tag="801" ind1=" " ind2="0"><subfield code="a">PT</subfield><subfield code="b">Biblioteca Municipal de Montalegre</subfield><subfield code="g">RPC</subfield></datafield><datafield tag="856" ind1=" " ind2=" "><subfield code="u">locateMedia.asp?cod=20060517145716&amp;ext=jpg</subfield><subfield code="z">CAPA</subfield></datafield><datafield tag="909" ind1="&#9;" ind2=" "><subfield code="a">2</subfield></datafield><datafield tag="966" ind1=" " ind2=" "><subfield code="a">0015914</subfield><subfield code="l">BMM</subfield><subfield code="s">SCG 821 HEM vel</subfield></datafield><datafield tag="966" ind1=" " ind2=" "><subfield code="a">1100323</subfield><subfield code="l">BEBB</subfield><subfield code="s">BEBB 82-93 SEN</subfield></datafield></record></collection>